%YAML 1.1
%TAG !u! tag:unity3d.com,2011:
--- !u!1 &24115758843470234
GameObject:
  m_ObjectHideFlags: 0
  m_CorrespondingSourceObject: {fileID: 0}
  m_PrefabInstance: {fileID: 0}
  m_PrefabAsset: {fileID: 0}
  serializedVersion: 6
  m_Component:
  - component: {fileID: 6555469946991531697}
  - component: {fileID: 1998606229875215706}
  - component: {fileID: 9142251768256599231}
  m_Layer: 0
  m_Name: model
  m_TagString: Untagged
  m_Icon: {fileID: 0}
  m_NavMeshLayer: 0
  m_StaticEditorFlags: 0
  m_IsActive: 1
--- !u!4 &6555469946991531697
Transform:
  m_ObjectHideFlags: 0
  m_CorrespondingSourceObject: {fileID: 0}
  m_PrefabInstance: {fileID: 0}
  m_PrefabAsset: {fileID: 0}
  m_GameObject: {fileID: 24115758843470234}
  m_LocalRotation: {x: -0, y: -0, z: -0, w: 1}
  m_LocalPosition: {x: 0, y: -1, z: 0}
  m_LocalScale: {x: 0.58, y: 0.58, z: 0.58}
  m_Children: []
  m_Father: {fileID: 912237547472790650}
  m_RootOrder: 0
  m_LocalEulerAnglesHint: {x: 0, y: 0, z: 0}
--- !u!33 &1998606229875215706
MeshFilter:
  m_ObjectHideFlags: 0
  m_CorrespondingSourceObject: {fileID: 0}
  m_PrefabInstance: {fileID: 0}
  m_PrefabAsset: {fileID: 0}
  m_GameObject: {fileID: 24115758843470234}
  m_Mesh: {fileID: 4300000, guid: d527d71f2ee3ff9438e1294fa6515aed, type: 3}
--- !u!23 &9142251768256599231
MeshRenderer:
  m_ObjectHideFlags: 0
  m_CorrespondingSourceObject: {fileID: 0}
  m_PrefabInstance: {fileID: 0}
  m_PrefabAsset: {fileID: 0}
  m_GameObject: {fileID: 24115758843470234}
  m_Enabled: 1
  m_CastShadows: 1
  m_ReceiveShadows: 1
  m_DynamicOccludee: 1
  m_MotionVectors: 1
  m_LightProbeUsage: 1
  m_ReflectionProbeUsage: 1
  m_RayTracingMode: 2
  m_RayTraceProcedural: 0
  m_RenderingLayerMask: 1
  m_RendererPriority: 0
  m_Materials:
  - {fileID: 2100000, guid: a74066172cf19cd4bacae3c6600a7217, type: 2}
  m_StaticBatchInfo:
    firstSubMesh: 0
    subMeshCount: 0
  m_StaticBatchRoot: {fileID: 0}
  m_ProbeAnchor: {fileID: 0}
  m_LightProbeVolumeOverride: {fileID: 0}
  m_ScaleInLightmap: 1
  m_ReceiveGI: 1
  m_PreserveUVs: 0
  m_IgnoreNormalsForChartDetection: 0
  m_ImportantGI: 0
  m_StitchLightmapSeams: 0
  m_SelectedEditorRenderState: 3
  m_MinimumChartSize: 4
  m_AutoUVMaxDistance: 0.5
  m_AutoUVMaxAngle: 89
  m_LightmapParameters: {fileID: 0}
  m_SortingLayerID: 0
  m_SortingLayer: 0
  m_SortingOrder: 0
  m_AdditionalVertexStreams: {fileID: 0}
--- !u!1 &6803974350110272377
GameObject:
  m_ObjectHideFlags: 0
  m_CorrespondingSourceObject: {fileID: 0}
  m_PrefabInstance: {fileID: 0}
  m_PrefabAsset: {fileID: 0}
  serializedVersion: 6
  m_Component:
  - component: {fileID: 912237547472790650}
  - component: {fileID: 7899661686860523613}
  - component: {fileID: 8553650154529957155}
  - component: {fileID: 776496607018189056}
  - component: {fileID: 6817847875207728138}
  - component: {fileID: 3435870481499835219}
  m_Layer: 6
  m_Name: pfTower
  m_TagString: Untagged
  m_Icon: {fileID: 0}
  m_NavMeshLayer: 0
  m_StaticEditorFlags: 0
  m_IsActive: 1
--- !u!4 &912237547472790650
Transform:
  m_ObjectHideFlags: 0
  m_CorrespondingSourceObject: {fileID: 0}
  m_PrefabInstance: {fileID: 0}
  m_PrefabAsset: {fileID: 0}
  m_GameObject: {fileID: 6803974350110272377}
  m_LocalRotation: {x: 0, y: 0, z: 0, w: 1}
  m_LocalPosition: {x: 11.3, y: 0, z: 0}
  m_LocalScale: {x: 1, y: 1, z: 1}
  m_Children:
  - {fileID: 6555469946991531697}
  - {fileID: 317545633951499600}
  - {fileID: 1741838476004714785}
  - {fileID: 3084088824958624782}
  - {fileID: 3522980871167423721}
  - {fileID: 1630427184152464822}
  - {fileID: 697777822884645715}
  m_Father: {fileID: 0}
  m_RootOrder: 0
  m_LocalEulerAnglesHint: {x: 0, y: 0, z: 0}
--- !u!65 &7899661686860523613
BoxCollider:
  m_ObjectHideFlags: 0
  m_CorrespondingSourceObject: {fileID: 0}
  m_PrefabInstance: {fileID: 0}
  m_PrefabAsset: {fileID: 0}
  m_GameObject: {fileID: 6803974350110272377}
  m_Material: {fileID: 0}
  m_IsTrigger: 0
  m_Enabled: 1
  serializedVersion: 2
  m_Size: {x: 1, y: 2, z: 1}
  m_Center: {x: 0, y: 1, z: 0}
--- !u!114 &8553650154529957155
MonoBehaviour:
  m_ObjectHideFlags: 0
  m_CorrespondingSourceObject: {fileID: 0}
  m_PrefabInstance: {fileID: 0}
  m_PrefabAsset: {fileID: 0}
  m_GameObject: {fileID: 6803974350110272377}
  m_Enabled: 1
  m_EditorHideFlags: 0
  m_Script: {fileID: 11500000, guid: 7efb4578decc48442b7c43e3398ab45d, type: 3}
  m_Name: 
  m_EditorClassIdentifier: 
--- !u!114 &776496607018189056
MonoBehaviour:
  m_ObjectHideFlags: 0
  m_CorrespondingSourceObject: {fileID: 0}
  m_PrefabInstance: {fileID: 0}
  m_PrefabAsset: {fileID: 0}
  m_GameObject: {fileID: 6803974350110272377}
  m_Enabled: 1
  m_EditorHideFlags: 0
  m_Script: {fileID: 11500000, guid: 2521495cc6f0d8949baf051b20569677, type: 3}
  m_Name: 
  m_EditorClassIdentifier: 
  healthAmountMax: 0
--- !u!114 &6817847875207728138
MonoBehaviour:
  m_ObjectHideFlags: 0
  m_CorrespondingSourceObject: {fileID: 0}
  m_PrefabInstance: {fileID: 0}
  m_PrefabAsset: {fileID: 0}
  m_GameObject: {fileID: 6803974350110272377}
  m_Enabled: 1
  m_EditorHideFlags: 0
  m_Script: {fileID: 11500000, guid: 9b19ca746274abd408ef61d9711f212c, type: 3}
  m_Name: 
  m_EditorClassIdentifier: 
  buildingType: {fileID: 11400000, guid: 6071ce2bf5110f747a601fc3399af5fa, type: 2}
--- !u!114 &3435870481499835219
MonoBehaviour:
  m_ObjectHideFlags: 0
  m_CorrespondingSourceObject: {fileID: 0}
  m_PrefabInstance: {fileID: 0}
  m_PrefabAsset: {fileID: 0}
  m_GameObject: {fileID: 6803974350110272377}
  m_Enabled: 1
  m_EditorHideFlags: 0
  m_Script: {fileID: 11500000, guid: 630cff8e51622c346a4179e055f62469, type: 3}
  m_Name: 
  m_EditorClassIdentifier: 
  shootTimerMax: 0.3
--- !u!1 &7701803319457881553
GameObject:
  m_ObjectHideFlags: 0
  m_CorrespondingSourceObject: {fileID: 0}
  m_PrefabInstance: {fileID: 0}
  m_PrefabAsset: {fileID: 0}
  serializedVersion: 6
  m_Component:
  - component: {fileID: 3084088824958624782}
  - component: {fileID: 5447499568421479369}
  - component: {fileID: 2038324077331651105}
  m_Layer: 9
  m_Name: mask
  m_TagString: Untagged
  m_Icon: {fileID: 0}
  m_NavMeshLayer: 0
  m_StaticEditorFlags: 0
  m_IsActive: 1
--- !u!4 &3084088824958624782
Transform:
  m_ObjectHideFlags: 0
  m_CorrespondingSourceObject: {fileID: 0}
  m_PrefabInstance: {fileID: 0}
  m_PrefabAsset: {fileID: 0}
  m_GameObject: {fileID: 7701803319457881553}
  m_LocalRotation: {x: 0, y: 0, z: 0, w: 1}
  m_LocalPosition: {x: 0, y: 1, z: 0}
  m_LocalScale: {x: 2.1, y: 2.1, z: 2.1}
  m_Children: []
  m_Father: {fileID: 912237547472790650}
  m_RootOrder: 3
  m_LocalEulerAnglesHint: {x: 0, y: 0, z: 0}
--- !u!33 &5447499568421479369
MeshFilter:
  m_ObjectHideFlags: 0
  m_CorrespondingSourceObject: {fileID: 0}
  m_PrefabInstance: {fileID: 0}
  m_PrefabAsset: {fileID: 0}
  m_GameObject: {fileID: 7701803319457881553}
  m_Mesh: {fileID: 10206, guid: 0000000000000000e000000000000000, type: 0}
--- !u!23 &2038324077331651105
MeshRenderer:
  m_ObjectHideFlags: 0
  m_CorrespondingSourceObject: {fileID: 0}
  m_PrefabInstance: {fileID: 0}
  m_PrefabAsset: {fileID: 0}
  m_GameObject: {fileID: 7701803319457881553}
  m_Enabled: 1
  m_CastShadows: 1
  m_ReceiveShadows: 1
  m_DynamicOccludee: 1
  m_MotionVectors: 1
  m_LightProbeUsage: 1
  m_ReflectionProbeUsage: 1
  m_RayTracingMode: 2
  m_RayTraceProcedural: 0
  m_RenderingLayerMask: 1
  m_RendererPriority: 0
  m_Materials:
  - {fileID: 2100000, guid: a0d0724d08844c646a4a337294db397c, type: 2}
  m_StaticBatchInfo:
    firstSubMesh: 0
    subMeshCount: 0
  m_StaticBatchRoot: {fileID: 0}
  m_ProbeAnchor: {fileID: 0}
  m_LightProbeVolumeOverride: {fileID: 0}
  m_ScaleInLightmap: 1
  m_ReceiveGI: 1
  m_PreserveUVs: 0
  m_IgnoreNormalsForChartDetection: 0
  m_ImportantGI: 0
  m_StitchLightmapSeams: 1
  m_SelectedEditorRenderState: 3
  m_MinimumChartSize: 4
  m_AutoUVMaxDistance: 0.5
  m_AutoUVMaxAngle: 89
  m_LightmapParameters: {fileID: 0}
  m_SortingLayerID: 0
  m_SortingLayer: 0
  m_SortingOrder: 0
  m_AdditionalVertexStreams: {fileID: 0}
--- !u!1 &8142074463437182501
GameObject:
  m_ObjectHideFlags: 0
  m_CorrespondingSourceObject: {fileID: 0}
  m_PrefabInstance: {fileID: 0}
  m_PrefabAsset: {fileID: 0}
  serializedVersion: 6
  m_Component:
  - component: {fileID: 3522980871167423721}
  m_Layer: 6
  m_Name: projectileSpawnPosition
  m_TagString: Untagged
  m_Icon: {fileID: 0}
  m_NavMeshLayer: 0
  m_StaticEditorFlags: 0
  m_IsActive: 1
--- !u!4 &3522980871167423721
Transform:
  m_ObjectHideFlags: 0
  m_CorrespondingSourceObject: {fileID: 0}
  m_PrefabInstance: {fileID: 0}
  m_PrefabAsset: {fileID: 0}
  m_GameObject: {fileID: 8142074463437182501}
  m_LocalRotation: {x: 0, y: 0, z: 0, w: 1}
  m_LocalPosition: {x: 0, y: 0, z: 0}
  m_LocalScale: {x: 1, y: 1, z: 1}
  m_Children: []
  m_Father: {fileID: 912237547472790650}
  m_RootOrder: 4
  m_LocalEulerAnglesHint: {x: 0, y: 0, z: 0}
--- !u!1001 &1144263369107611229
PrefabInstance:
  m_ObjectHideFlags: 0
  serializedVersion: 2
  m_Modification:
    m_TransformParent: {fileID: 912237547472790650}
    m_Modifications:
    - target: {fileID: 831225752241396492, guid: 0684e63559d876b41a153338c4897a74, type: 3}
      propertyPath: m_Name
      value: lightSource
      objectReference: {fileID: 0}
    - target: {fileID: 831225752241396492, guid: 0684e63559d876b41a153338c4897a74, type: 3}
      propertyPath: m_Layer
      value: 9
      objectReference: {fileID: 0}
    - target: {fileID: 831225752241396493, guid: 0684e63559d876b41a153338c4897a74, type: 3}
      propertyPath: m_RootOrder
      value: 1
      objectReference: {fileID: 0}
    - target: {fileID: 831225752241396493, guid: 0684e63559d876b41a153338c4897a74, type: 3}
      propertyPath: m_LocalPosition.x
      value: 0
      objectReference: {fileID: 0}
    - target: {fileID: 831225752241396493, guid: 0684e63559d876b41a153338c4897a74, type: 3}
      propertyPath: m_LocalPosition.y
      value: 0
      objectReference: {fileID: 0}
    - target: {fileID: 831225752241396493, guid: 0684e63559d876b41a153338c4897a74, type: 3}
      propertyPath: m_LocalPosition.z
      value: 0
      objectReference: {fileID: 0}
    - target: {fileID: 831225752241396493, guid: 0684e63559d876b41a153338c4897a74, type: 3}
      propertyPath: m_LocalRotation.w
      value: 1
      objectReference: {fileID: 0}
    - target: {fileID: 831225752241396493, guid: 0684e63559d876b41a153338c4897a74, type: 3}
      propertyPath: m_LocalRotation.x
      value: -0
      objectReference: {fileID: 0}
    - target: {fileID: 831225752241396493, guid: 0684e63559d876b41a153338c4897a74, type: 3}
      propertyPath: m_LocalRotation.y
      value: -0
      objectReference: {fileID: 0}
    - target: {fileID: 831225752241396493, guid: 0684e63559d876b41a153338c4897a74, type: 3}
      propertyPath: m_LocalRotation.z
      value: -0
      objectReference: {fileID: 0}
    - target: {fileID: 831225752241396493, guid: 0684e63559d876b41a153338c4897a74, type: 3}
      propertyPath: m_LocalEulerAnglesHint.x
      value: 0
      objectReference: {fileID: 0}
    - target: {fileID: 831225752241396493, guid: 0684e63559d876b41a153338c4897a74, type: 3}
      propertyPath: m_LocalEulerAnglesHint.y
      value: 0
      objectReference: {fileID: 0}
    - target: {fileID: 831225752241396493, guid: 0684e63559d876b41a153338c4897a74, type: 3}
      propertyPath: m_LocalEulerAnglesHint.z
      value: 0
      objectReference: {fileID: 0}
    - target: {fileID: 831225752241396494, guid: 0684e63559d876b41a153338c4897a74, type: 3}
      propertyPath: viewAngle
      value: 360
      objectReference: {fileID: 0}
    - target: {fileID: 831225752241396494, guid: 0684e63559d876b41a153338c4897a74, type: 3}
      propertyPath: viewRadius
      value: 7
      objectReference: {fileID: 0}
    - target: {fileID: 831225752583914002, guid: 0684e63559d876b41a153338c4897a74, type: 3}
      propertyPath: m_Layer
      value: 9
      objectReference: {fileID: 0}
    - target: {fileID: 831225752583914005, guid: 0684e63559d876b41a153338c4897a74, type: 3}
      propertyPath: m_LocalPosition.y
      value: 1
      objectReference: {fileID: 0}
    m_RemovedComponents: []
  m_SourcePrefab: {fileID: 100100000, guid: 0684e63559d876b41a153338c4897a74, type: 3}
--- !u!4 &317545633951499600 stripped
Transform:
  m_CorrespondingSourceObject: {fileID: 831225752241396493, guid: 0684e63559d876b41a153338c4897a74, type: 3}
  m_PrefabInstance: {fileID: 1144263369107611229}
  m_PrefabAsset: {fileID: 0}
--- !u!1001 &5117083276273548822
PrefabInstance:
  m_ObjectHideFlags: 0
  serializedVersion: 2
  m_Modification:
    m_TransformParent: {fileID: 912237547472790650}
    m_Modifications:
    - target: {fileID: 6858921747307566132, guid: fdbafb6b7c008164b88c79301b0d0ab2, type: 3}
      propertyPath: m_Layer
      value: 11
      objectReference: {fileID: 0}
    - target: {fileID: 6858921747317776943, guid: fdbafb6b7c008164b88c79301b0d0ab2, type: 3}
      propertyPath: m_Layer
      value: 11
      objectReference: {fileID: 0}
    - target: {fileID: 6858921747974854452, guid: fdbafb6b7c008164b88c79301b0d0ab2, type: 3}
      propertyPath: m_Name
      value: pfHealthBar
      objectReference: {fileID: 0}
    - target: {fileID: 6858921747974854452, guid: fdbafb6b7c008164b88c79301b0d0ab2, type: 3}
      propertyPath: m_Layer
      value: 11
      objectReference: {fileID: 0}
    - target: {fileID: 6858921747974854455, guid: fdbafb6b7c008164b88c79301b0d0ab2, type: 3}
      propertyPath: m_RootOrder
      value: 2
      objectReference: {fileID: 0}
    - target: {fileID: 6858921747974854455, guid: fdbafb6b7c008164b88c79301b0d0ab2, type: 3}
      propertyPath: m_LocalPosition.x
      value: 0
      objectReference: {fileID: 0}
    - target: {fileID: 6858921747974854455, guid: fdbafb6b7c008164b88c79301b0d0ab2, type: 3}
      propertyPath: m_LocalPosition.y
      value: 3.187
      objectReference: {fileID: 0}
    - target: {fileID: 6858921747974854455, guid: fdbafb6b7c008164b88c79301b0d0ab2, type: 3}
      propertyPath: m_LocalPosition.z
      value: 0.35
      objectReference: {fileID: 0}
    - target: {fileID: 6858921747974854455, guid: fdbafb6b7c008164b88c79301b0d0ab2, type: 3}
      propertyPath: m_LocalRotation.w
      value: 0.7071068
      objectReference: {fileID: 0}
    - target: {fileID: 6858921747974854455, guid: fdbafb6b7c008164b88c79301b0d0ab2, type: 3}
      propertyPath: m_LocalRotation.x
      value: 0.7071068
      objectReference: {fileID: 0}
    - target: {fileID: 6858921747974854455, guid: fdbafb6b7c008164b88c79301b0d0ab2, type: 3}
      propertyPath: m_LocalRotation.y
      value: 0
      objectReference: {fileID: 0}
    - target: {fileID: 6858921747974854455, guid: fdbafb6b7c008164b88c79301b0d0ab2, type: 3}
      propertyPath: m_LocalRotation.z
      value: 0
      objectReference: {fileID: 0}
    - target: {fileID: 6858921747974854455, guid: fdbafb6b7c008164b88c79301b0d0ab2, type: 3}
      propertyPath: m_LocalEulerAnglesHint.x
      value: 90
      objectReference: {fileID: 0}
    - target: {fileID: 6858921747974854455, guid: fdbafb6b7c008164b88c79301b0d0ab2, type: 3}
      propertyPath: m_LocalEulerAnglesHint.y
      value: 0
      objectReference: {fileID: 0}
    - target: {fileID: 6858921747974854455, guid: fdbafb6b7c008164b88c79301b0d0ab2, type: 3}
      propertyPath: m_LocalEulerAnglesHint.z
      value: 0
      objectReference: {fileID: 0}
    - target: {fileID: 6858921747995774980, guid: fdbafb6b7c008164b88c79301b0d0ab2, type: 3}
      propertyPath: m_Layer
      value: 11
      objectReference: {fileID: 0}
    - target: {fileID: 6858921748351572259, guid: fdbafb6b7c008164b88c79301b0d0ab2, type: 3}
      propertyPath: m_Layer
      value: 11
      objectReference: {fileID: 0}
    - target: {fileID: 8742183278235347671, guid: fdbafb6b7c008164b88c79301b0d0ab2, type: 3}
      propertyPath: healthSystem
      value: 
      objectReference: {fileID: 776496607018189056}
    m_RemovedComponents: []
  m_SourcePrefab: {fileID: 100100000, guid: fdbafb6b7c008164b88c79301b0d0ab2, type: 3}
--- !u!4 &1741838476004714785 stripped
Transform:
  m_CorrespondingSourceObject: {fileID: 6858921747974854455, guid: fdbafb6b7c008164b88c79301b0d0ab2, type: 3}
  m_PrefabInstance: {fileID: 5117083276273548822}
  m_PrefabAsset: {fileID: 0}
--- !u!1001 &8055837312909340228
PrefabInstance:
  m_ObjectHideFlags: 0
  serializedVersion: 2
  m_Modification:
    m_TransformParent: {fileID: 912237547472790650}
    m_Modifications:
    - target: {fileID: 8749480017219560428, guid: b480d2d2e880a3d41a96a13346ffec45, type: 3}
      propertyPath: m_PresetInfoIsWorld
      value: 1
      objectReference: {fileID: 0}
    - target: {fileID: 8749480017219560430, guid: b480d2d2e880a3d41a96a13346ffec45, type: 3}
      propertyPath: m_Name
      value: pfBuildingDemolishButton
      objectReference: {fileID: 0}
    - target: {fileID: 8749480017219560430, guid: b480d2d2e880a3d41a96a13346ffec45, type: 3}
      propertyPath: m_Layer
      value: 11
      objectReference: {fileID: 0}
    - target: {fileID: 8749480017219560434, guid: b480d2d2e880a3d41a96a13346ffec45, type: 3}
      propertyPath: m_Pivot.x
      value: 0.5
      objectReference: {fileID: 0}
    - target: {fileID: 8749480017219560434, guid: b480d2d2e880a3d41a96a13346ffec45, type: 3}
      propertyPath: m_Pivot.y
      value: 0.5
      objectReference: {fileID: 0}
    - target: {fileID: 8749480017219560434, guid: b480d2d2e880a3d41a96a13346ffec45, type: 3}
      propertyPath: m_RootOrder
      value: 5
      objectReference: {fileID: 0}
    - target: {fileID: 8749480017219560434, guid: b480d2d2e880a3d41a96a13346ffec45, type: 3}
      propertyPath: m_AnchorMax.x
      value: 0
      objectReference: {fileID: 0}
    - target: {fileID: 8749480017219560434, guid: b480d2d2e880a3d41a96a13346ffec45, type: 3}
      propertyPath: m_AnchorMax.y
      value: 0
      objectReference: {fileID: 0}
    - target: {fileID: 8749480017219560434, guid: b480d2d2e880a3d41a96a13346ffec45, type: 3}
      propertyPath: m_AnchorMin.x
      value: 0
      objectReference: {fileID: 0}
    - target: {fileID: 8749480017219560434, guid: b480d2d2e880a3d41a96a13346ffec45, type: 3}
      propertyPath: m_AnchorMin.y
      value: 0
      objectReference: {fileID: 0}
    - target: {fileID: 8749480017219560434, guid: b480d2d2e880a3d41a96a13346ffec45, type: 3}
      propertyPath: m_SizeDelta.x
      value: 0
      objectReference: {fileID: 0}
    - target: {fileID: 8749480017219560434, guid: b480d2d2e880a3d41a96a13346ffec45, type: 3}
      propertyPath: m_SizeDelta.y
      value: 0
      objectReference: {fileID: 0}
    - target: {fileID: 8749480017219560434, guid: b480d2d2e880a3d41a96a13346ffec45, type: 3}
      propertyPath: m_LocalPosition.x
      value: 0
      objectReference: {fileID: 0}
    - target: {fileID: 8749480017219560434, guid: b480d2d2e880a3d41a96a13346ffec45, type: 3}
      propertyPath: m_LocalPosition.y
      value: 0
      objectReference: {fileID: 0}
    - target: {fileID: 8749480017219560434, guid: b480d2d2e880a3d41a96a13346ffec45, type: 3}
      propertyPath: m_LocalPosition.z
      value: -0.61
      objectReference: {fileID: 0}
    - target: {fileID: 8749480017219560434, guid: b480d2d2e880a3d41a96a13346ffec45, type: 3}
      propertyPath: m_LocalRotation.w
      value: 0.7071068
      objectReference: {fileID: 0}
    - target: {fileID: 8749480017219560434, guid: b480d2d2e880a3d41a96a13346ffec45, type: 3}
      propertyPath: m_LocalRotation.x
      value: 0.7071068
      objectReference: {fileID: 0}
    - target: {fileID: 8749480017219560434, guid: b480d2d2e880a3d41a96a13346ffec45, type: 3}
      propertyPath: m_LocalRotation.y
      value: 0
      objectReference: {fileID: 0}
    - target: {fileID: 8749480017219560434, guid: b480d2d2e880a3d41a96a13346ffec45, type: 3}
      propertyPath: m_LocalRotation.z
      value: 0
      objectReference: {fileID: 0}
    - target: {fileID: 8749480017219560434, guid: b480d2d2e880a3d41a96a13346ffec45, type: 3}
      propertyPath: m_AnchoredPosition.x
      value: 0.52
      objectReference: {fileID: 0}
    - target: {fileID: 8749480017219560434, guid: b480d2d2e880a3d41a96a13346ffec45, type: 3}
      propertyPath: m_AnchoredPosition.y
      value: 3.22
      objectReference: {fileID: 0}
    - target: {fileID: 8749480017219560434, guid: b480d2d2e880a3d41a96a13346ffec45, type: 3}
      propertyPath: m_LocalEulerAnglesHint.x
      value: 90
      objectReference: {fileID: 0}
    - target: {fileID: 8749480017219560434, guid: b480d2d2e880a3d41a96a13346ffec45, type: 3}
      propertyPath: m_LocalEulerAnglesHint.y
      value: 0
      objectReference: {fileID: 0}
    - target: {fileID: 8749480017219560434, guid: b480d2d2e880a3d41a96a13346ffec45, type: 3}
      propertyPath: m_LocalEulerAnglesHint.z
      value: 0
      objectReference: {fileID: 0}
    - target: {fileID: 8749480017219560435, guid: b480d2d2e880a3d41a96a13346ffec45, type: 3}
      propertyPath: building
      value: 
      objectReference: {fileID: 8553650154529957155}
    - target: {fileID: 8749480018743324128, guid: b480d2d2e880a3d41a96a13346ffec45, type: 3}
      propertyPath: m_LocalScale.x
      value: 0.5
      objectReference: {fileID: 0}
    - target: {fileID: 8749480018743324128, guid: b480d2d2e880a3d41a96a13346ffec45, type: 3}
      propertyPath: m_LocalScale.y
      value: 0.5
      objectReference: {fileID: 0}
    - target: {fileID: 8749480018743324128, guid: b480d2d2e880a3d41a96a13346ffec45, type: 3}
      propertyPath: m_LocalPosition.z
      value: -0
      objectReference: {fileID: 0}
    - target: {fileID: 8749480018743324128, guid: b480d2d2e880a3d41a96a13346ffec45, type: 3}
      propertyPath: m_AnchoredPosition.y
      value: 0.25
      objectReference: {fileID: 0}
    m_RemovedComponents: []
  m_SourcePrefab: {fileID: 100100000, guid: b480d2d2e880a3d41a96a13346ffec45, type: 3}
--- !u!224 &1630427184152464822 stripped
RectTransform:
  m_CorrespondingSourceObject: {fileID: 8749480017219560434, guid: b480d2d2e880a3d41a96a13346ffec45, type: 3}
  m_PrefabInstance: {fileID: 8055837312909340228}
  m_PrefabAsset: {fileID: 0}
--- !u!1001 &8125448669377816737
PrefabInstance:
  m_ObjectHideFlags: 0
  serializedVersion: 2
  m_Modification:
    m_TransformParent: {fileID: 912237547472790650}
    m_Modifications:
    - target: {fileID: 1058773168079063872, guid: f3506b4cde28d384bbd853bf00f529b7, type: 3}
      propertyPath: healthSystem
      value: 
      objectReference: {fileID: 776496607018189056}
    - target: {fileID: 8749480017219560428, guid: f3506b4cde28d384bbd853bf00f529b7, type: 3}
      propertyPath: m_PresetInfoIsWorld
      value: 1
      objectReference: {fileID: 0}
    - target: {fileID: 8749480017219560430, guid: f3506b4cde28d384bbd853bf00f529b7, type: 3}
      propertyPath: m_Name
      value: pfBuildingRepairButton
      objectReference: {fileID: 0}
    - target: {fileID: 8749480017219560430, guid: f3506b4cde28d384bbd853bf00f529b7, type: 3}
      propertyPath: m_Layer
      value: 11
      objectReference: {fileID: 0}
    - target: {fileID: 8749480017219560434, guid: f3506b4cde28d384bbd853bf00f529b7, type: 3}
      propertyPath: m_Pivot.x
      value: 0.5
      objectReference: {fileID: 0}
    - target: {fileID: 8749480017219560434, guid: f3506b4cde28d384bbd853bf00f529b7, type: 3}
      propertyPath: m_Pivot.y
      value: 0.5
      objectReference: {fileID: 0}
    - target: {fileID: 8749480017219560434, guid: f3506b4cde28d384bbd853bf00f529b7, type: 3}
      propertyPath: m_RootOrder
      value: 6
      objectReference: {fileID: 0}
    - target: {fileID: 8749480017219560434, guid: f3506b4cde28d384bbd853bf00f529b7, type: 3}
      propertyPath: m_AnchorMax.x
      value: 0
      objectReference: {fileID: 0}
    - target: {fileID: 8749480017219560434, guid: f3506b4cde28d384bbd853bf00f529b7, type: 3}
      propertyPath: m_AnchorMax.y
      value: 0
      objectReference: {fileID: 0}
    - target: {fileID: 8749480017219560434, guid: f3506b4cde28d384bbd853bf00f529b7, type: 3}
      propertyPath: m_AnchorMin.x
      value: 0
      objectReference: {fileID: 0}
    - target: {fileID: 8749480017219560434, guid: f3506b4cde28d384bbd853bf00f529b7, type: 3}
      propertyPath: m_AnchorMin.y
      value: 0
      objectReference: {fileID: 0}
    - target: {fileID: 8749480017219560434, guid: f3506b4cde28d384bbd853bf00f529b7, type: 3}
      propertyPath: m_SizeDelta.x
      value: 0
      objectReference: {fileID: 0}
    - target: {fileID: 8749480017219560434, guid: f3506b4cde28d384bbd853bf00f529b7, type: 3}
      propertyPath: m_SizeDelta.y
      value: 0
      objectReference: {fileID: 0}
    - target: {fileID: 8749480017219560434, guid: f3506b4cde28d384bbd853bf00f529b7, type: 3}
      propertyPath: m_LocalPosition.x
      value: 0
      objectReference: {fileID: 0}
    - target: {fileID: 8749480017219560434, guid: f3506b4cde28d384bbd853bf00f529b7, type: 3}
      propertyPath: m_LocalPosition.y
      value: 0
      objectReference: {fileID: 0}
    - target: {fileID: 8749480017219560434, guid: f3506b4cde28d384bbd853bf00f529b7, type: 3}
      propertyPath: m_LocalPosition.z
      value: 0
      objectReference: {fileID: 0}
    - target: {fileID: 8749480017219560434, guid: f3506b4cde28d384bbd853bf00f529b7, type: 3}
      propertyPath: m_LocalRotation.w
      value: 0.7071068
      objectReference: {fileID: 0}
    - target: {fileID: 8749480017219560434, guid: f3506b4cde28d384bbd853bf00f529b7, type: 3}
      propertyPath: m_LocalRotation.x
      value: 0.7071068
      objectReference: {fileID: 0}
    - target: {fileID: 8749480017219560434, guid: f3506b4cde28d384bbd853bf00f529b7, type: 3}
      propertyPath: m_LocalRotation.y
      value: 0
      objectReference: {fileID: 0}
    - target: {fileID: 8749480017219560434, guid: f3506b4cde28d384bbd853bf00f529b7, type: 3}
      propertyPath: m_LocalRotation.z
      value: 0
      objectReference: {fileID: 0}
    - target: {fileID: 8749480017219560434, guid: f3506b4cde28d384bbd853bf00f529b7, type: 3}
      propertyPath: m_AnchoredPosition.x
      value: 0.14
      objectReference: {fileID: 0}
    - target: {fileID: 8749480017219560434, guid: f3506b4cde28d384bbd853bf00f529b7, type: 3}
      propertyPath: m_AnchoredPosition.y
      value: 3.108
      objectReference: {fileID: 0}
    - target: {fileID: 8749480017219560434, guid: f3506b4cde28d384bbd853bf00f529b7, type: 3}
      propertyPath: m_LocalEulerAnglesHint.x
      value: 90
      objectReference: {fileID: 0}
    - target: {fileID: 8749480017219560434, guid: f3506b4cde28d384bbd853bf00f529b7, type: 3}
      propertyPath: m_LocalEulerAnglesHint.y
      value: 0
      objectReference: {fileID: 0}
    - target: {fileID: 8749480017219560434, guid: f3506b4cde28d384bbd853bf00f529b7, type: 3}
      propertyPath: m_LocalEulerAnglesHint.z
      value: 0
      objectReference: {fileID: 0}
    - target: {fileID: 8749480018743324128, guid: f3506b4cde28d384bbd853bf00f529b7, type: 3}
      propertyPath: m_LocalScale.x
      value: 0.5
      objectReference: {fileID: 0}
    - target: {fileID: 8749480018743324128, guid: f3506b4cde28d384bbd853bf00f529b7, type: 3}
      propertyPath: m_LocalScale.y
      value: 0.5
      objectReference: {fileID: 0}
    - target: {fileID: 8749480018743324128, guid: f3506b4cde28d384bbd853bf00f529b7, type: 3}
      propertyPath: m_LocalPosition.z
      value: -0
      objectReference: {fileID: 0}
    - target: {fileID: 8749480018743324128, guid: f3506b4cde28d384bbd853bf00f529b7, type: 3}
      propertyPath: m_AnchoredPosition.x
      value: -0.59
      objectReference: {fileID: 0}
    - target: {fileID: 8749480018743324128, guid: f3506b4cde28d384bbd853bf00f529b7, type: 3}
      propertyPath: m_AnchoredPosition.y
      value: -0.31
      objectReference: {fileID: 0}
    m_RemovedComponents: []
  m_SourcePrefab: {fileID: 100100000, guid: f3506b4cde28d384bbd853bf00f529b7, type: 3}
--- !u!224 &697777822884645715 stripped
RectTransform:
  m_CorrespondingSourceObject: {fileID: 8749480017219560434, guid: f3506b4cde28d384bbd853bf00f529b7, type: 3}
  m_PrefabInstance: {fileID: 8125448669377816737}
  m_PrefabAsset: {fileID: 0}
